@misc{samplebib,
  author = "Sample Nobody",
  title = "The Great Article",
  year = "2005"
}

@misc{mybib1,
  author = "Me Myself",
  title = "My Great Article",
  year = "2006"
}

@misc{mybib2,
  author = "Me Myself",
  title = "My Magnificat Article",
  year = "2007"
}
